<record xmlns:xsi="http://www.w3.org/2001/XMLSchema-instance" xmlns="http://www.loc.gov/MARC21/slim" xsi:schemaLocation="http://www.loc.gov/MARC21/slim http://www.loc.gov/standards/marcxml/schema/MARC21slim.xsd">

  <leader>00687nab a22001817a 4500</leader>
  <controlfield tag="008">150515b1997    cl ||||| |||| 00| 0 spa d</controlfield>
  <datafield ind2=" " ind1=" " tag="090">
    <subfield code="a">REVIS 15.04.04</subfield>
  </datafield>
  <datafield tag="100" ind1="1" ind2=" ">
    <subfield code="9">57</subfield>
    <subfield code="a">Moya, Ana María</subfield>
  </datafield>
  <datafield ind2="0" ind1="1" tag="245">
    <subfield code="a">Escuela de capacitación de niñas/os y adolescentes en riesgo social /</subfield>
    <subfield code="c">Ana María Moya</subfield>
  </datafield>
  <datafield ind2=" " ind1=" " tag="260">
    <subfield code="a">Chile :</subfield>
    <subfield code="b"> Red de Salud de las mujeres latinoamericanas y del caribe,</subfield>
    <subfield code="c">1997</subfield>
  </datafield>
  <datafield ind1=" " tag="300" ind2=" ">
    <subfield code="a">páginas 62-67</subfield>
  </datafield>
  <datafield ind2="4" ind1="1" tag="650">
    <subfield code="9">5</subfield>
    <subfield code="a">ADOLESCENTES</subfield>
  </datafield>
  <datafield tag="650" ind1="1" ind2="4">
    <subfield code="9">58</subfield>
    <subfield code="a">ABUSO SEXUAL</subfield>
  </datafield>
  <datafield ind1="1" tag="650" ind2="4">
    <subfield code="9">59</subfield>
    <subfield code="a">NIÑOS</subfield>
  </datafield>
  <datafield tag="650" ind1="1" ind2="4">
    <subfield code="9">60</subfield>
    <subfield code="a">NIÑAS</subfield>
  </datafield>
  <datafield ind2=" " tag="773" ind1="0">
    <subfield code="d">Chile : Red de Salud de las Mujeres Lationamericanas 1997</subfield>
    <subfield code="o">R0006</subfield>
    <subfield code="t">Revista Mujer Salud</subfield>
    <subfield code="x">0716-8381</subfield>
    <subfield code="g">No.4 (octubre- diciembre,1997)</subfield>
  </datafield>
  <datafield ind2=" " tag="942" ind1=" ">
    <subfield code="2">z</subfield>
    <subfield code="c">10</subfield>
  </datafield>
  <datafield ind1=" " tag="999" ind2=" ">
    <subfield code="c">2564</subfield>
    <subfield code="d">2564</subfield>
  </datafield>
</record>